% !TEX root = main.tex
% This file was created with JabRef 2.5.
% Encoding: Cp1252

@ELECTRONIC{features,
	title = {{Natural Features and Image Ratings}},
	howpublished = {\url{https://library.vuforia.com/articles/Solution/Natural-Features-and-Ratings}},
	note = {Zugriff: 26.11.2016}
}

@ELECTRONIC{vuforia_devices,
	title = {{Devices}},
	howpublished = {\url{https://www.vuforia.com/Devices}},
	note = {Zugriff: 01.01.2017}
}

@ELECTRONIC{artoolkit1,
	title = {{ARToolKit}},
	howpublished = {\url{http://www.tinmith.net/lca2004/ARToolkit/ARToolKit2.33doc.pdf}},
	author = {Hirokazu Kato, Mark Billinghurst, Ivan Poupyrev},
	note = {Zugriff: 01.01.2017}
}

@ELECTRONIC{artoolkit2,
	title = {{How does ARToolKit work?}},
	howpublished = {\url{http://www.hitl.washington.edu/artoolkit/documentation/userarwork.htm}},
	note = {Zugriff: 01.01.2017}
}

@ELECTRONIC{vuforia_sample_application,
	title = {{The Augmented Reality Application of Multimedia Technology in Aquatic Organisms Instruction}},
	howpublished = {\url{http://file.scirp.org/pdf/JSEA_2014080715011028.pdf}},
	author = {Chih-Hsiao Tsai, Jung-Chuan Yen},
	note = {Zugriff: 03.01.2017}
}

@ELECTRONIC{tango_teardown,
	title = {{Project Tango Tablet Teardown}},
	howpublished = {\url{https://www.ifixit.com/Teardown/Project+Tango+Tablet+Teardown/28148}},
	note = {Zugriff: 27.11.2016}
}

@ELECTRONIC{kinect_imaging,
	title = {{Time-of-Flight and Kinect Imaging}},
	howpublished = {\url{http://campar.in.tum.de/twiki/pub/Chair/TeachingSs11Kinect/2011-DSensors_LabCourse_Kinect.pdf}},
	author = {Victor Castaneda, Nassir Navab},
	note = {Zugriff: 27.11.2016}
}

@ELECTRONIC{tango_technology,
	title = {{FIRST EXPERIMENTS WITH THE TANGO TABLET FOR INDOOR SCANNING}},
	howpublished = {\url{http://www.isprs-ann-photogramm-remote-sens-spatial-inf-sci.net/III-4/67/2016/isprs-annals-III-4-67-2016.pdf}},
	author = {Abdoulaye A. Diakit, Sisi Zlatanova},
	note = {Zugriff: 01.01.2017}
}

@ELECTRONIC{depth_perception,
	title = {{Depth Perception}},
	howpublished = {\url{https://developers.google.com/tango/overview/depth-perception}},
	note = {Zugriff: 03.01.2017}
}

@ELECTRONIC{tango_apps,
	title = {{Investigations on Google Tango Development Kit for Personal Indoor Mapping}},
	howpublished = {\url{https://agile-online.org/conference_paper/cds/agile_2016/posters/102_Paper_in_PDF.pdf}},
	note = {Zugriff: 03.01.2017}
}

@ELECTRONIC{tango_area_learning,
	title = {{Area Learning}},
	howpublished = {\url{https://developers.google.com/tango/overview/area-learning}},
	note = {Zugriff: 04.01.2017}
}

@ELECTRONIC{nfc_iso,
	title = {{ISO/IEC 18092:2004}},
	howpublished = {\url{http://www.iso.org/iso/catalogue_detail.htm?csnumber=38578}},
	note = {Zugriff: 06.01.2017}
}

@ELECTRONIC{android_pay,
	title = {{Tap. Pay. Done}},
	howpublished = {\url{https://android.googleblog.com/2015/09/tap-pay-done.html}},
	note = {Zugriff: 06.01.2017}
}

@ELECTRONIC{ar_history,
	title = {{The History of Mobile Augmented Reality}},
	howpublished = {\url{www.arth.co.at/data/papers/historyAR.pdf}},
	author = {Clemens Arth, Lukas Gruber, Raphael Grasset, Tobias Langlotz, Alessandro Mulloni, Dieter Schmalstieg, Daniel Wagner},
	note = {Zugriff: 06.01.2017}
}


@INPROCEEDINGS{GamEtAl,
	author = {E. Gamma, R. Helm, R. Johnson, J. Vlissides},
	title = {{Strategie}},
	booktitle = {Entwurfsmuster, Elemente wiederverwendbarer objektorientierter Software},
	year = {1994},
	pages = {373},
	publisher = {Addison-Wesley}
}

@MASTERSTHESIS{Dje06,
	author = {R. Djemili},
	title = {{Entwicklung einer Eclipse-Erweiterung zur Realisierung und Protokollierung verteilter Paarprogrammierung}},
	school = {Freie Universit채t Berlin, Inst. f체r Informatik},
	year = {2006},
	type = {Masterarbeit}
}

@MASTERSTHESIS{Dam15,
	author = {D. Damm},
	title = {{Schnellerer Sitzungsstart in Saros}},
	school = {Freie Universit채t Berlin, Inst. f체r Informatik},
	year = {2015},
	type = {Bachelorarbeit}
}



